
@MISC{RHEL7XFS,
      author =       "Red Hat",
      title =        "{\it RHEL 7 Documentation: CHAPTER 6. THE XFS FILE SYSTEM}",
      howpublished = "access.redhat.com",
      url =          "https://access.redhat.com/documentation/en-US/Red_Hat_Enterprise_Linux/7/html/Storage_Administration_Guide/ch-xfs.html",
      note =         "[Online; visited 01. Jan. 2017]"
   }
@MISC{xfsFAQ,
      author =       "XFS community",
      title =        "{\it XFS Wiki}",
      howpublished = "xfs.org",
      year =         "2016",
      month =        Dec,
      url =          "http://xfs.org/index.php/XFS_FAQ",
      note =         "[Online; visited 01. Jan. 2017]"
   }
@MISC{xfsHistory,
      author =       "XFS community",
      title =        "{\it XFS Documentation, ch. 1: XFS Background}",
      howpublished = "xfs.org",
      url =          "http://xfs.org/docs/xfsdocs-xml-dev/XFS_User_Guide/tmp/en-US/html/xfs-background.html",
      note =         "[Online; visited 01. Jan. 2017]"
   }
@article{KrenaVojnarOverview,
    author  = "Bohuslav Křena and Tomáš Vojnar",
    title   = "{A}utomated {F}ormal {A}nalysis and {V}erification: {A}n {O}verview",
    year    = "2013",
    journal = "International Journal of General Systems",
    volume  = "42",
    number  = "4",
    pages   = "335--365"
}
@article{CPAchecker,
    author  = "Beyer, D. and Erkan Keremoglu, M.",
    title   = "{CPA}checker: {A} {T}ool for {C}onfigurable {S}oftware {V}erification",
    year    = "2011",
    journal = "Proc. of CAV'11",
}
